% Example bibtex file for ISMIR Template

@inproceedings{jams2014,
  title={{JAMS}: a {JSON} annotated music specification for reproducible {MIR} research},
  author={Humphrey, Eric J and Salamon, Justin and Nieto, Oriol and Forsyth, Jon and
      Bittner, Rachel M and Bello, Juan P},
  series={ISMIR},
  booktitle={International Society for Music Information Retrieval Conference},
  year={2014}
}

@inproceedings{raffel2014,
    author  = {Raffel,, C. and McFee,, B. and Salamon,, J. and Humphrey,, E. and Nieto,, O. and Liang,, D. and Ellis,, D.P.W.},
    year    = {2014},
    title   = {mir{\_}eval: a transparent implementation of common {{MIR}} metrics},
    booktitle = {Proceedings of the 15th International Society for Music Information Retrieval Conference},
    series  = {ISMIR},
}


@InProceedings{ mckinney-proc-scipy-2010,
  author    = { Wes McKinney },
  title     = { Data Structures for Statistical Computing in Python },
  booktitle = { Proceedings of the 9th Python in Science Conference },
  pages     = { 51 - 56 },
  year      = { 2010 },
  editor    = { St\'efan van der Walt and Jarrod Millman }
}



